%% This BibTeX bibliography file was created using BibDesk.
%% https://bibdesk.sourceforge.io/

%% Created for José Ramón Ortiz Castañeda at 2024-02-21 19:28:57 -0600 


%% Saved with string encoding Unicode (UTF-8) 

% 1
@misc{ISIC:2019,
	author = {{The International Skin Imaging Collaboration}},
	month = {8},
	title = {{Skin Cancer ISIC}},
	year = {2019},
	url = {https://www.kaggle.com/datasets/nodoubttome/skin-cancer9-classesisic/discussion}
}

% 2
@article{jensen:2015,
	author = {Jensen, Daniel J and Elewski, Boni E},
	date-added = {2024-02-21 19:28:37 -0600},
	date-modified = {2024-02-21 19:28:37 -0600},
	journal = {The Journal of clinical and aesthetic dermatology},
	number = {2},
	pages = {15},
	title = {The ABCDEF Rule: Combining the ``ABCDE Rule'' and the ``Ugly Duckling Sign'' in an Effort to Improve Patient Self-Screening Examinations},
	volume = {8},
	year = {2015}}

@article{ Makandar:2015,
author = { Aziz Makandar, Bhagirathi Halalli },
title = { Image Enhancement Techniques using Highpass and Lowpass Filters },
journal = { International Journal of Computer Applications },
issue_date = { January 2015 },
volume = { 109 },
number = { 14 },
month = { January },
year = { 2015 },
issn = { 0975-8887 },
pages = { 21-27 },
numpages = {9},
url = { https://ijcaonline.org/archives/volume109/number14/19256-0999/ },
doi = { 10.5120/19256-0999 },
publisher = {Foundation of Computer Science (FCS), NY, USA},
address = {New York, USA}
}

@article{Sammouda:2021,
  title={An Optimized Approach for Prostate Image Segmentation Using K-Means Clustering Algorithm with Elbow Method},
  author={Sammouda, Rachid and El-Zaart, Ali},
  journal={Computational Intelligence and Neuroscience},
  volume={2021},
  pages={4553832},
  year={2021},
  doi={10.1155/2021/4553832}
}


@book{Gonzalez:2008,
	author = {Rafael Gonzalez and Richard Woods},
	publisher = {Prentice-Hall Prentice-Hall Prentice-Hall},
	title = {Digital Image Processing},
	year = {2002}}

@inproceedings{Saket:2018,
	author = {Kumar, Saket and Sharma, Deepak and Yadav, Gaurav and Singh, Hemendra Pal and Gupta, Ashutosh},
	booktitle = {2018 International Conference on Intelligent Circuits and Systems (ICICS)},
	keywords = {Melanoma;Feature extraction;Lesions;Skin;Shape;Indexes;Melanoma;Asymmetric Features;Boundary Tracing},
	pages = {239-245},
	title = {Possibilities of Melanoma by Extracting All Asymmetric Features},
	year = {2018},
	bdsk-url-1 = {https://doi.org/10.1109/ICICS.2018.00057}}

@inproceedings{Anju:2019,
	author = {Bala, Anju and Sharma, Aman Kumar},
	booktitle = {2019 Fifth International Conference on Image Information Processing (ICIIP)},
	doi = {10.1109/ICIIP47207.2019.8985826},
	keywords = {image segmentation;clustering;k-means;threshold;histogram analysis;cluster number},
	pages = {199-204},
	title = {Image Segmentation: Automatic Cluster Number Generation in K-Means},
	year = {2019},
	bdsk-url-1 = {https://doi.org/10.1109/ICIIP47207.2019.8985826}}

@misc{Hasnain:2022,
	author = {Muhammad Hasnain Javid},
	howpublished = {Kaggle},
	title = {Melanoma Skin Cancer Dataset of 10000 Images},
	year = {2022}}

@article{Rojas:2008,
	author = {B{\'a}ez-Rojas, Jos{\'e} and Alonso P{\'e}rez, Marco},
	journal = {Revista mexicana de f{\'\i}sica E},
	month = {12},
	title = {Uso del sistema HSI para asignar falso color a objetos en im{\'a}genes digitales},
	volume = {54},
	year = {2008}}

@article{Chunhui:2019,
	author = {Yuan, Chunhui and Yang, Haitao},
	doi = {10.3390/j2020016},
	issn = {2571-8800},
	journal = {J},
	number = {2},
	pages = {226--235},
	title = {Research on K-Value Selection Method of K-Means Clustering Algorithm},
	url = {https://www.mdpi.com/2571-8800/2/2/16},
	volume = {2},
	year = {2019},
	bdsk-url-1 = {https://www.mdpi.com/2571-8800/2/2/16},
	bdsk-url-2 = {https://doi.org/10.3390/j2020016}}

@article{Ahmed:2020,
	author = {Bilal Ahmed and Muhammad Imran Qadir and Saba Ghafoo},
	journal = {Critical Reviews&trade; in Eukaryotic Gene Expression},
	number = {4},
	pages = {291-297},
	title = {Malignant Melanoma: Skin Cancer&minus;Diagnosis, Prevention, and Treatment},
	volume = {30},
	year = {2020}}

@article{Zheng:2018,
	author = {Zheng, Xin and Lei, Qinyi and Yao, Run and Gong, Yifei and Yin, Qian},
	date = {2018/08/03},
	id = {Zheng2018},
	isbn = {1687-5281},
	journal = {EURASIP Journal on Image and Video Processing},
	number = {1},
	pages = {68},
	title = {Image segmentation based on adaptive K-means algorithm},
	url = {https://doi.org/10.1186/s13640-018-0309-3},
	volume = {2018},
	year = {2018},
	bdsk-url-1 = {https://doi.org/10.1186/s13640-018-0309-3}}

@article{Dhanachandra:2015,
	author = {Nameirakpam Dhanachandra and Khumanthem Manglem and Yambem Jina Chanu},
	issn = {1877-0509},
	journal = {Procedia Computer Science},
	pages = {764-771},
	title = {Image Segmentation Using K -means Clustering Algorithm and Subtractive Clustering Algorithm},
	url = {https://www.sciencedirect.com/science/article/pii/S1877050915014143},
	volume = {54},
	year = {2015},
	bdsk-url-1 = {https://www.sciencedirect.com/science/article/pii/S1877050915014143}}

@article{Bolat-2022,
	author = {Bolat, Muhammet},
	title = {{Image segmentation using K-Means clustering algorithm and Mean-Shift clustering algorithm}},
	url = {https://medium.com/@muhammetbolat/image-segmentation-using-k-means-clustering-algorithm-and-mean-shift-clustering-algorithm-fb6ebe4cb761},
	year = {2022},
	bdsk-url-1 = {https://medium.com/@muhammetbolat/image-segmentation-using-k-means-clustering-algorithm-and-mean-shift-clustering-algorithm-fb6ebe4cb761}}

@article{Mello:2007,
	author = {Roger G.T. Mello and Liliam F. Oliveira and Jurandir Nadal},
	journal = {Computer Methods and Programs in Biomedicine},
	keywords = {Butterworth filter, Digital filter design, Surface electromyography},
	number = {1},
	pages = {28-35},
	title = {Digital Butterworth filter for subtracting noise from low magnitude surface electromyogram},
	url = {https://www.sciencedirect.com/science/article/pii/S0169260707000983},
	volume = {87},
	year = {2007},
	bdsk-url-1 = {https://www.sciencedirect.com/science/article/pii/S0169260707000983}}
